@misc {homepage:sonar, key="homepage:sonar",
	title="{Página principal de Sonar}",
	howpublished="\url{http://www.sonarsource.org/}"
}

@misc {homepage:dwr, key="homepage:dwr",
	title="{Página principal de DWR: Easy Ajax for Java}",
	howpublished="\url{http://directwebremoting.org/dwr/index.html}"
}

@misc {license:apache-v2, key="license:apache-v2",
	title="{Apache Software License v2}",
	howpublished="\url{http://www.apache.org/licenses/LICENSE-2.0.html}"
}

@misc {wikipedia:ria, key="wikipedia:ria",
	title="{Definición RIA: Rich Internet Applications}",
	howpublished="\url{http://es.wikipedia.org/wiki/Rich_Internet_Applications}"
}

@misc {wikipedia:html5, key="wikipedia:html5",
	title="{Definición HTML 5: HyperText Markup Language, versión 5}",
	howpublished="\url{http://en.wikipedia.org/wiki/HTML5}"
}
