@misc(Python, key="Python",
    title="Python {P}rogramming {L}anguage - {O}fficial {W}ebsite",
    howpublished="\url{http://www.python.org/}")

@article{iso-9126,
   author = "ISO",
   title = {{ISO/IEC 9126 Software engineering - Product quality}},
   year = 1991
}

@article{iso-14598,
   author = "ISO",
   title = {{ISO/IEC 14598 Software engineering - Product evaluation}}
}