% This file was created with JabRef 2.6.
% Encoding: Cp1252

@MISC{site:chart-list,
  author = {{22 Awesome Visualization Libraries: Charts and Diagrams}},
  howpublished = {\url{http://www.onextrapixel.com/2009/11/24/22-awesome-visualization-libraries-charts-and-diagrams/}},
  month = {11},
  year = {2009},
  key = {site:chart-list},
  language = {english}
}

@ELECTRONIC{site:struts2-plugin-registry,
  author = {{Apache Struts 2 Plugin Registry}},
  language = {english},
  url = {https://cwiki.apache.org/S2PLUGINS/home.html},
  key = {site:struts2-plugin-registry}
}

@ARTICLE{gil95,
  author = {Alan Giles and Gregory Daich},
  title = {Metrics Tools},
  journal = {Crosstalk},
  year = {1995},
  howpublished = {{http://www.stsc.hill.af.mil/crosstalk/1995/02/Metrics.asp}},
  language = {english},
  moth = {February},
  url = {http://www.stsc.hill.af.mil/crosstalk/1995/02/Metrics.asp}
}

@ARTICLE{iso14598,
  author = {ISO},
  title = {{ISO/IEC 14598 Software engineering. Product evaluation}}
}

@ARTICLE{iso9126,
  author = {ISO},
  title = {{ISO/IEC 9126 Software engineering. Product quality}},
  year = {1991}
}

@BOOK{jac00,
  title = {El proceso unificado de desarrollo de software},
  publisher = {Addison Wesley},
  year = {2000},
  author = {Ivar Jacobson and Grady Booch and James Rumbaugh},
  language = {spanish}
}

@ARTICLE{evaluacion-calidad,
  author = {Daniel Mellado and Moisés Rodriguez and Javier Verdugo and Mario
	Piattini and Eduardo Fernández-Medina},
  title = {Evaluación de la calidad y seguridad en productos software},
  language = {spanish}
}

@MISC{def:ria,
  author = {Carlos Nascimbene},
  title = {¿Qué son las Rich Internet Applications?},
  month = {12},
  year = {2005},
  language = {spanish},
  url = {http://www.canal-ar.com.ar/noticias/noticiamuestra.asp?Id=2639}
}

@ELECTRONIC{site:dojo,
  author = {{Página web de Dojo Toolkit}},
  language = {english},
  url = {http://www.dojotoolkit.org/},
  key = {site:dojo}
}

@ELECTRONIC{site:dwr,
  author = {{Página web de DWR: Easy Ajax for Java}},
  language = {english},
  url = {http://directwebremoting.org/dwr/index.html},
  key = {site:dwr}
}

@ELECTRONIC{site:google-visualization-api,
  author = {{Página web de Google Visualization API}},
  language = {spanish},
  url = {http://code.google.com/intl/es-ES/apis/visualization/interactive_charts.html},
  key = {site:google-visualization-api}
}

@ELECTRONIC{site:jit,
  author = {{Página web de JavaScript InfoVis Toolkit}},
  language = {english},
  url = {http://thejit.org/},
  key = {site:jit}
}

@ELECTRONIC{site:jquery-ui,
  author = {{Página web de jQuery UI}},
  language = {english},
  url = {http://jqueryui.com/},
  key = {site:jquery-ui}
}

@ELECTRONIC{site:jquery,
  author = {{Página web de jQuery}},
  language = {english},
  url = {http://jquery.com/},
  key = {site:jquery}
}

@MISC{site:open-flash-chart,
  author = {{Página web de Open Flash Chart v2}},
  howpublished = {\mbox{\url{http://teethgrinder.co.uk/open-flash-chart-2/}}},
  key = {site:open-flash-chart},
  language = {english}
}

@CONFERENCE{suryn2003iso,
  author = {Witold Suryn and Alain Abran},
  title = {{ISO/IEC SQuaRE. The second generation of standards for software
	product quality}},
  booktitle = {7th IASTED International Conference on Software Engineering and Applications},
  year = {2003}
}

