@article{iso-9126,
   author = "ISO",
   title = {{ISO/IEC 9126 Software engineering - Product quality}},
   year = 1991
}

@article{iso-14598,
   author = "ISO",
   title = {{ISO/IEC 14598 Software engineering - Product evaluation}}
}

@article{mpiattini-medusas,
   author = "D. Mellado, M. Roríguez, J. Verdugo, M. Piattini and E. Fernández-Medina",
   title = {{Evaluación de la Calidad y Seguridad en Productos Software}}
}

@article{square-second-generation,
   author = "W. Suryn and A. Abran",
   title = {{ISO/IEC SQuaRE. The second generation of standards for software product quality}}
}

@article{def:ria,
   author = "C. Nascimbene",
   title = {{¿Qué son las Rich Internet Applications?}},
   month = 12,
   year = 2005,
   howpublished = "{http://www.canal-ar.com.ar/noticias/noticiamuestra.asp?Id=2639}"
}

@book{pud,
   author = "J. Rumbaugh, I. Jacobson and G. Booch",
   title= {{El Proceso Unificado de Desarrollo de Software}},
   publisher = "Addison-Wesley",
   year = 2000
}

@misc {site:struts2-plugin-registry, key="site:struts2-plugin-registry",
	title="{Apache Struts 2 Plugin Registry}",
	howpublished="\url{https://cwiki.apache.org/S2PLUGINS/home.html}"
}

@misc {site:google-visualization-api, key="site:google-visualization-api",
	title="{Página Web de Google Visualization API}",	howpublished="\url{http://code.google.com/intl/es-ES/apis/visualization/interactive_charts.html}"
}

@misc {site:open-flash-chart, key="site:open-flash-chart",
	title="{Página Web de Open Flash Chart v2}",
	howpublished="\url{http://teethgrinder.co.uk/open-flash-chart-2/}"
}

@misc {site:jit, key="site:jit",
	title="{Página Web de JavaScript InfoVis Toolkit}",
	howpublished="\url{http://thejit.org/}"
}

@misc {site:chart-list, key="site:chart-list",
	title="{22 Awesome Visualizatin Libraries: Charts and Diagrams}",
	howpublished="\url{http://www.onextrapixel.com/2009/11/24/22-awesome-visualization-libraries-charts-and-diagrams/}"

@misc {site:dwr, key="site:dwr",
	title="{Página Web de DWR: Easy Ajax for Java}",
	howpublished="\url{http://directwebremoting.org/dwr/index.html}"
}

@misc {site:jquery, key="site:jquery",
	title="{Página Web de jQuery}",
	howpublished="\url{http://jquery.com/}"
}

@misc {site:jquery-ui, key="site:jquery-ui",
	title="{Página Web de jQuery UI}",
	howpublished="\url{http://jqueryui.com/}"
}