% This file was created with JabRef 2.5.
% Encoding: Cp1252

@BOOK{cascales03,
  title = {El libro de {\LaTeX}},
  publisher = {Pearson/Prentice Hall},
  year = {2003},
  author = {Cascales, B. and Lucas, P. and Mira, J.M. and Pallarés, A. and {Sánchez-Pedreño},
	S.},
  language = {spanish},
  owner = {Jesus.Salido},
  timestamp = {2010.02.15}
}

@BOOK{cascales00,
  title = {{\LaTeX{}}. Una imprenta en sus manos},
  publisher = {Aula Documental de Investigación},
  year = {2000},
  author = {B. Cascales and P. Lucas and J. M. Mira and A. Pallarés and S. Sánchez-Pedreño},
  language = {spanish},
  owner = {Jesus.Salido},
  timestamp = {2010.02.10}
}

@BOOK{dawson02,
  title = {El proyecto fin de carrera en {I}ngeniería {I}formática},
  publisher = {Prentice Hall},
  year = {2002},
  author = {Christian W. Dawson and Gregorio Martín},
  language = {spanish},
  owner = {Jesus.Salido},
  timestamp = {2010.02.18}
}

@ELECTRONIC{usbplagio2010,
  author = {A. García and E. Klein.},
  title = {¿Por qué ocurre el plagio en las Universidades y cómo evitarlo?},
  language = {spanish},
  howpublished = {{\url{http://prof.usb.ve/eklein/plagio/}}},
  url = {http://prof.usb.ve/eklein/plagio/},
  owner = {Jesus.Salido},
  timestamp = {2010.02.18}
}

@BOOK{goos04,
  title = {The {\LaTeX{}} companion},
  publisher = {Addison-Wesley Reading, MA},
  year = {2004},
  author = {Goossens, M. and Mittelbach, F. and Samarin, A.},
  edition = {2},
  language = {english},
  owner = {Jesus.Salido},
  timestamp = {2010.02.10}
}

@BOOK{goos07,
  title = {The {\LaTeX{}} graphics companion},
  publisher = {Addison-Wesley Reading, MA},
  year = {2007},
  author = {Goossens, M. and Rahtz, S. and Mittelbach, F.},
  edition = {2},
  language = {english},
  owner = {Jesus.Salido},
  timestamp = {2010.02.10}
}

@BOOK{grat07,
  title = {More math into {\LaTeX}},
  publisher = {Birkhauser},
  year = {2007},
  author = {Grätzer, G.A.},
  edition = {4},
  language = {english},
  owner = {Jesus.Salido},
  timestamp = {2010.02.10}
}

@BOOK{grat99,
  title = {First steps in {\LaTeX}},
  publisher = {Springer Verlag},
  year = {1999},
  author = {Grätzer, G.A.},
  edition = {1},
  language = {english},
  owner = {Jesus.Salido},
  timestamp = {2010.02.10}
}

@BOOK{knuth86,
  title = {{The \TeX{}book}},
  publisher = {Addison-Wesley},
  year = {1986},
  author = {D. E. Knuth},
  owner = {Jesus.Salido},
  timestamp = {2010.02.18}
}

@BOOK{kopka04,
  title = {A guide to {\LaTeX}},
  publisher = {Addison-Wesley},
  year = {2004},
  author = {Kopka, H. and Daly, {P.W.}},
  edition = {4},
  language = {english},
  owner = {Jesus.Salido},
  timestamp = {2010.02.10}
}

@BOOK{lamport94,
  title = {{\LaTeX}: A document preparation system},
  publisher = {Addison-Wesley},
  year = {1994},
  author = {Lamport, L.},
  edition = {2},
  language = {english},
  owner = {Jesus.Salido},
  timestamp = {2010.02.10}
}

@MISC{oetiker06,
  author = {Oetiker, T. and Partl, H. and Hyna, I. and Schlegl, E.},
  title = {{The not so short introduction to \LaTeX2e{}}},
  year = {2006},
  language = {english},
  owner = {Jesus.Salido},
  timestamp = {2010.02.10}
}

@comment{jabref-meta: selector_publisher:}

@comment{jabref-meta: selector_author:}

@comment{jabref-meta: selector_journal:}

@comment{jabref-meta: selector_keywords:}

