% This file was created with JabRef 2.6.
% Encoding: Cp1252

@ARTICLE{croucher04,
  author = {Sheila Croucher},
  title = {Globalization and Belonging: the Politics of Identity in a Changing
	World},
  year = {2004},
  pages = {10}
}

@MANUAL{ducasse10,
  title = {Visualization of Practices and Metrics},
  author = {Stéphane Ducasse and Simon Denier and Françoise Balmas and Alexandre
	Bergel and Jannik Laval and Karine Mordal-Manet and Fabrice Bellingard},
  month = {March},
  year = {2010}
}

@ELECTRONIC{pud-espinoza,
  author = {José Martín Olguín Espinoza},
  title = {El Proceso Unificado de Desarrollo de Software},
  citeseerurl = {http://yaqui.mxl.uabc.mx/~molguin/as/RUP.htm}
}

@ARTICLE{gil95,
  author = {Alan Giles and Gregory Daich},
  title = {Metrics Tools},
  journal = {Crosstalk},
  year = {1995},
  howpublished = {{http://www.stsc.hill.af.mil/crosstalk/1995/02/Metrics.asp}},
  language = {english},
  moth = {February},
  url = {http://www.stsc.hill.af.mil/crosstalk/1995/02/Metrics.asp}
}

@ARTICLE{hea92,
  author = {Christopher G. Healey and Kellogg S. Booth and James T. Ennis},
  title = {Visualizing Real-Time Multivariate Data Using Preattentive Processing},
  journal = {ACM TOMACS},
  year = {1995},
  volume = {5}
}

@ARTICLE{herb-mockus-2001,
  author = {James D. Herbsleb and Audris Mockus},
  title = {An Empirical Study of Golbal Software Development: Distance and Speed},
  journal = {IEEE Software},
  year = {2001}
}

@ARTICLE{herb-moitra-2001,
  author = {James D. Herbsleb and Deependra Moitra},
  title = {Global Software Development},
  journal = {IEEE Software},
  year = {2001},
  volume = {March/April},
  pages = {16-20}
}

@BOOK{jac00,
  title = {El proceso unificado de desarrollo de software},
  publisher = {Addison Wesley},
  year = {2000},
  author = {Ivar Jacobson and Grady Booch and James Rumbaugh},
  language = {spanish}
}

@ARTICLE{katzy99,
  author = {Bernhard Katzy and Roberto Evaristo and Ilze Zigurs},
  title = {Knowledge Management in Virtual Projects: A Research Agenda},
  year = {1999},
  booktitle = {A Research Agenda' in Proceedings of the 33rd Hawaii International
	Conference on System Sciences}
}

@ARTICLE{lanza03,
  author = {Michele Lanza},
  title = {Polymetric Views: A Lightweight Visual Approach to Reverse Engineernig},
  journal = {IEEE Transactions on Software Engineering},
  year = {2003},
  volume = {29},
  month = {September}
}

@MISC{def:ria,
  author = {Carlos Nascimbene},
  title = {¿Qué son las Rich Internet Applications?},
  month = {12},
  year = {2005},
  citeseerurl = {http://www.canal-ar.com.ar/noticias/noticiamuestra.asp?Id=2639},
  language = {spanish}
}

@BOOK{ohara94,
  title = {Global Work: Bridging Distance, Culture, and Time},
  publisher = {Jossey-Bass Publishers},
  year = {1994},
  author = {Mary O'Hara-Devereaux and Robert Johansen},
  pages = {439}
}

@MANUAL{pud-torossi,
  title = {El Proceso Unificado de Desarrollo de Software},
  author = {Gustavo Torossi}
}

@BOOK{ware99,
  title = {Information Visualization. Perception for design},
  publisher = {Morgan Kaufmann},
  year = {2004},
  author = {Colin Ware},
  pages = {464},
  month = {February}
}

