% Esta sección, que si se prefiere puede titularse “Referencias”, incluirá un listado por orden alfabético del primer apellido del primer autor con todas las obras en que se ha basado para la realización del PFC, especificando autor/es, año de publicación, título y editorial.

% Sólo se incluirán en esta sección las referencias bibliográficas a las que, en efecto, se haga referencia en las secciones anteriores.

% Todas las referencias deberán seguir un formato similar.