@misc {homepage:sonar, key="homepage:sonar",
	title="{Página principal de Sonar}",
	howpublished="\url{http://www.sonarsource.org/}"
}

@misc {homepage:dwr, key="homepage:dwr",
	title="{Página principal de DWR: Easy Ajax for Java}",
	howpublished="\url{http://directwebremoting.org/dwr/index.html}"
}

@misc {license:apache-v2, key="license:apache-v2",
	title="{Apache Software License v2}",
	howpublished="\url{http://www.apache.org/licenses/LICENSE-2.0.html}"
}

@misc {wikipedia:ria, key="wikipedia:ria",
	title="{Definición RIA: Rich Internet Applications}",
	howpublished="\url{http://es.wikipedia.org/wiki/Rich_Internet_Applications}"
}

@misc {wikipedia:html5, key="wikipedia:html5",
	title="{Definición HTML 5: HyperText Markup Language, versión 5}",
	howpublished="\url{http://en.wikipedia.org/wiki/HTML5}"
}

@misc {homepage:jquery-visualize, key="homepage:jquery-visualize",
	title="{Página principal de jQuery Visualize}",
	howpublished="\url{http://www.filamentgroup.com/lab/update_to_jquery_visualize_accessible_charts_with_html5_from_designing_with}"
}

@misc {homepage:flot, key="homepage:flot",
	title="{Página principal de Flot}",
	howpublished="\url{http://code.google.com/p/flot/}"
}

@misc {homepage:axiis, key="homepage:axiis",
	title="{Página principal de Axiis}",
	howpublished="\url{http://www.axiis.org/}"
}

@misc {homepage:style-chart, key="homepage:style-chart",
	title="{Página principal de Style Chart}",
	howpublished="\url{http://chart.inetsoft.com/}"
}

@misc {homepage:jfree-chart, key="homepage:jfree-chart",
	title="{Página principal de JFree Chart}",
	howpublished="\url{http://www.jfree.org/}"
}

@misc {homepage:google-chart-api, key="homepage:google-chart-api",
	title="{Página principal de Google Chart API}",
	howpublished="\url{http://code.google.com/apis/chart/index.html}"
}

@misc {homepage:google-visualization-api, key="homepage:google-visualization-api",
	title="{Página principal de Google Visualization API}",
	howpublished="\url{http://code.google.com/intl/es-ES/apis/visualization/interactive_charts.html}"
}

@misc {homepage:open-flash-chart, key="homepage:open-flash-chart",
	title="{Página principal de Open Flash Chart}",
	howpublished="\url{http://teethgrinder.co.uk/open-flash-chart/}"
}

